%!TEX root = ../../report.tex

%https://en.wikibooks.org/wiki/LaTeX/Bibliography_Management

@techreport{ISO13050,
  type = {Standard},
  key = {ISO 13050:2014},
  month = {12},
  year = {2014},
  title = {Synchronous belt drives -- Metric pitch, curvilinear profile systems G, H, R and S, belts and pulleys},
  address = {Geneva, CH},
  institution = {International Organization for Standardization}
}

@article{locokit,
  author={Larsen J.C. et al.},
  title={LocoKit-A Construction Kit for Exploration of Morphology of Legged Robots},
  year={2011}
}

@techreport{ISO5295,
	type = {Standard},
	key = {ISO 5295:1987},
	month = {11},
	year = {1987},
	title = {Calculation of power rating and drive centre distance},
	address = {Geneva, CH},
	institution = {International Organization for Standardization}
}

@online{arc_compensation,
  author = {RepRap community},
  title = {ArcCompensation},
  year = 2008,
  url = {http://reprap.org/wiki/ArcCompensation},
  urldate = {2015-07-19}
}

@online{klee,
  author = {Klee},
  title = {KLEE-coil 302 000 030.160 M3 Hardened/zinc-plated yellow},
  year = 2016,
  url = {http://www.klee.dk/en/products/machine-,-din-norm-parts/kleecoils/self-cutting-types/kleecoils-type-302/12302000030160},
  urldate = {2016-05-05}
}

@online{ros,
  title = {The Robot Operating System},
  year = 2007,
  url = {http://www.ros.org/},
}

@online{gazebo,
  title = {GAZEBO. Robot simulation made easy},
  year = 2002,
  url = {http://gazebosim.org/},
}

@online{ros_control,
  title = {ROS Control},
  url = {http://wiki.ros.org/ros_control},
}

@article{h7,
    author  = {Satoshi K. et al.},
    title   = {Measurement and comparison of humanoid H7 walking with human being},
    journal = {Robotics and Autonomous Systems},
    year    = {2004}
}

@article{runbot1,
    author  = {Geng T. et al.},
    title   = {A Reflexive Neural Network for Dynamic Biped Walking Control},
    journal = {Neural Computation},
    year    = {2006}
}

@article{runbot2,
    author  = {Geng T. et al.},
    title   = {Fast Biped Walking with A Sensor-driven Neuronal Controller and Real-time Online Learning},
    journal = {International Journal of Robotics Research},
    year    = {2006}
}

@article{jump-run1,
  title={Relationships among jumping performances and sprint parameters during maximum speed phase in sprinters},
  author={Kale M. et al.},
  journal={The Journal of Strength \& Conditioning Research},
  volume={23},
  number={8},
  pages={2272--2279},
  year={2009},
  publisher={LWW}
}

@article{jump-run2,
  title={The relationship between running speed and measures of vertical jump in professional basketball players: a field-test approach},
  author={Shalfawi S. et al.},
  journal={The Journal of Strength \& Conditioning Research},
  volume={25},
  number={11},
  pages={3088--3092},
  year={2011},
  publisher={LWW}
}

@article{jump-dynamics1,
  title={Dynamics of Vertical Jumps},
  author={Psycharakis S.G.},
  journal={Edinburgh Napier University},
  year={2012}
}

@article{jump-dynamics2,
    author  = {Sakka S. et al.},
    title   = {Humanoid Vertical Jumping based on Force Feedback and Inertial Forces Optimization},
    journal = {International Conference on Robotics and Automation},
    year 	= {2005}
}

@article{nogueiracomparative,
  title={Comparative Analysis Between Gazebo and V-REP Robotic Simulators},
  author={Nogueira L.}
}

@inproceedings{staranowicz2011survey,
  title={A survey and comparison of commercial and open-source robotic simulator software},
  author={Staranowicz A. et al.},
  booktitle={Proceedings of the 4th International Conference on PErvasive Technologies Related to Assistive Environments},
  pages={56},
  year={2011},
  organization={ACM}
}

@online{physics_engine_gazebo_comparison,
  author = {Steven P. et al.},
  title = {Comparison of Rigid Body Dynamic Simulators
for Robotic Simulation in Gazebo},
  year = 2014,
  url = {http://www.osrfoundation.org/wordpress2/wp-content/uploads/2015/04/roscon2014_scpeters.pdf},
}

@online{lpzrobots,
  author = {Research Network for
Self-Organization of Robot Behavior},
  title = {LPZ Robots},
  url = {http://robot.informatik.uni-leipzig.de/software/},
}

@online{gorobots,
  title = {Go Robots},
  url = {https://github.com/pmanoonpong/gorobots_edu},
}

@online{vrep,
  author = {Coppelia Robotics},
  title = {v-rep},
  url = {http://www.coppeliarobotics.com/},
}

@article{robwork,
 author={Ellekilde L. et al.},
 journal={Robotics (ISR), 2010 41st International Symposium on and 2010 6th German Conference on Robotics (ROBOTIK)},
 title={RobWork: A Flexible Toolbox for Robotics Research and Education},
 year={2010},
 pages={1 -7},
} 

@online{dart,
  author = {Dart},
  url = {http://dartsim.github.io/},
}

@online{ode,
  author = {ODE},
  url = {http://www.ode.org/},
}

@online{osg,
  author = {OSG},
  url = {http://trac.openscenegraph.org/projects/osg/},
}

@online{simbody,
  author = {Simbody},
  url = {https://simtk.org/projects/simbody/},
}

@online{bullet,
  author = {Bullet},
  url = {http://bulletphysics.org/wordpress/},
}

@book{dimensional_analysis,
  title={Dimensional analysis and theory of models},
  author={Langhaar H. L.},
  volume={2},
  year={1951},
  publisher={Wiley New York}
}

@article{dynamics2,
 author={Kojouri M. M. et al.},
 title={Simulation and Control of a Biped Walking Robot using Kinematic and Dynamic Modeling}
} 

@article{dynamics1,
 author={Al-Shuka H. F. N.  et al.},
 title={Dynamic Modeling of Biped Robot using Lagrangian and Recursive Newton-Euler Formulations}, 
 journal ={International Journal of Computer Applications},
 year={2014}
} 

@article{E-L1,
 author={Sánchez-Sánchez P. et al.},
 title={Simplied Methodology for Obtaining the Dynamic Model of Robot Manipulators}, 
 journal ={International Journal of Advanced Robotic Systems},
 year={2012}
} 

@book{asada,
  title={Introduction to Robotics},
  author={Asada H. H.},
  year={2015}
}

@misc{maxon_motor,
    author={Maxon motors},
    title={Maxon 14-225-en},
    url={http://www.maxonmotor.com/medias/sys_master/root/8816806527006/15-257-EN.pdf},
    publisher={Maxon motors},
    year={2015}
}

@misc{maxon_gear,
    author={Maxon motors},
    title={Maxon 14-264-265-en},
    url={http://www.maxonmotor.com/medias/sys_master/root/8816808460318/15-295-296-EN.pdf},
    publisher={Maxon motors},
    year={2015}
}

@article{biobiped,
 author={Radkhah K. et al.},
 title={Detailed dynamics modeling of BioBiped's monoarticular and biarticular tendon-driven actuation system}, 
 journal ={RSJ International Conference On Intelligent Robots and Systems},
 year={2012}
} 

@article{phides,
 author={Karssen J. G. D.},
 title={Robotic Bipedal Running}, 
 journal ={Technische Universiteit Delft},
 year={2013}
}

@article{mabel,
 author={Grizzle J.W. et al.},
 title={MABEL, A New Robotic Bipedal Walker and Runner}, 
 journal ={American Control Conference},
 year={2009}
}

@article{grimmer,
 author={Grimmer M.},
 title={Powered Lower Limb Prostheses}, 
 journal ={Technische Universitat Darmstadt},
 year={2015}
}

@online{locokit-electronics,
  title = {Locokit Electronics},
  url = {http://www3.sdu.dk/cms/locokit/index.php?page=electronics}
}

@article{dacbot1,
 author={Di Canio G. et al.},
 title={Adaptive Combinatorial Neural Control for Robust Locomotion of a Biped Robot}, 
 journal ={14th International Conference on the Simulation of Adaptive Behavior},
 year={2016}
}

@misc{gumstix,
    title={Overo Air Technical Specifications},
    url={http://media.gumstix.com/docs/gs3503a.pdf},
    publisher={Gumstix},
    year={2015}
}

@online{ros_control_tutorial,
  title = {Tutorial: ROS Control},
  url = {http://gazebosim.org/tutorials/?tut=ros_control}
}

@article{human_motion_1,
    author  = {Cappellini G. et al.},
    title   = {Motor Patterns in Human Walking and Running},
    journal = {Journal of Neurophysiology, American Physiological Society},
    year    = {2006}
}

@article{din_measurements1,
    author  = {Jürgens H. W.},
    title   = {Erhebung anthropometrischer Maße zur Aktualisierung der DIN 33 402 - Teil 2},
    journal = {Schrifternreihe der Bundesanstalt für Arbeitsschutz und Arbeitsmedizin},
    year    = {2004}
}

@article{iso_measurements,
    author  = {Cappellini G. et al.},
    title   = {ISO 7250-2},
    journal = {Journal of Neurophysiology, American Physiological Society},
    year    = {2006}
}

@misc{iso_measurements,
    author={ISO 7250-2},
    title={Body measurements},
    year={2016}
}

@online{solidworks,
  	author  = {Dassault Systemes},
  	title = {SolidWorks},
  	url = {http://www.solidworks.com/}
}

@article{rojas,
    author  = {Cuevas E. V. et al.},
    title   = {Bipedal robot description},
    journal = {Technical Report, Freie Universitat Berlin, Institut fur Informatik},
    year    = {2005}
}

@article{passive_walking,
    author  = {McGeer T.},
    title   = {Passive Dynamic Walking},
    journal = {The International Journal Of Robotics Research},
    year    = {1990}
}

@book{anatomy,
  title={Fundamentals of Anatomy and Physiology},
  author={Martini F. et al.},
  year={2001},
  publisher={5th Ed. Prentice Hall}
}

@misc{compliance_thesis,
    author={Hurst J. W.},
    title={The Role and Implementation of Compliance in Legged Locomotion},
    year={2008}
}

@article{imperial_college,
    author  = {Tsagarakis N.G. et al.},
    title   = {An Asymmetric Compliant Antagonistic Joint Design for High Performance Mobility},
    journal = {IEEE/RSJ International Conference on Intelligent Robots and Systems (IROS)},
    year    = {2013}
}

@online{cura,
  title = {Cura slicer},
  url = {https://github.com/Ultimaker/Cura}
}

@online{slic3r,
  title = {Slic3r},
  url = {http://slic3r.org/}
}

@online{simplify3d,
  title = {Simplify 3D},
  url = {http://simplify3d.com/}
}

@online{m_prime_io,
  title = {M Prime},
  url = {https://mprime.io}
}

@online{m_prime_one,
  title = {M Prime One},
  url = {https://github.com/M-Prime/M_Prime_One}
}

@article{mabel2,
  title={A compliant hybrid zero dynamics controller for stable, efficient and fast bipedal walking on MABEL},
  author={Sreenath K. et al.},
  journal={The International Journal of Robotics Research},
  volume={30},
  number={9},
  pages={1170--1193},
  year={2011},
  publisher={Sage Publications}
}

@inproceedings{singh2008u,
  title={U-SCRUM: An agile methodology for promoting usability},
  author={Singh M.},
  booktitle={Agile, 2008. AGILE'08. Conference},
  pages={555--560},
  year={2008},
  organization={IEEE}
}

@online{trello,
  title = {Trello},
  url = {https://trello.com/}
}

@article{hs_vision,
  author  = {Tamada T. et al.},
  title   = {High-speed Bipedal Robot Running Using High-speed Visual Feedback},
  journal = {14th IEEE-RAS International Conference on Humanoid Robots},
  year = {2014}
}

@article{bipedalism1,
  title={Bipedal behavior and the emergence of erect posture in man},
  author={Sigmon B.A.},
  journal={American journal of physical anthropology},
  volume={34},
  number={1},
  pages={55--60},
  year={1971},
  publisher={Wiley Online Library}
}

@article{bipedalism2,
    author  = {Shiro K.},
    title   = {Primate morphophysiology, locomotor analyses, and human bipedalism},
    journal = {University of Tokyo Press},
    year    = {1985}
}

@online{human_evol_fig,
  title = {The Evolution of The Humanoid Robot},
  url = {http://www.bibliotecapleyades.net/ciencia/ciencia_artificialhumans59.htm}
}

@article{coman,
    author  = {Tsagarakis N. G. et al.},
    title   = {COMpliant huMANoid COMAN: Optimal joint stiffness tuning for modal frequency control},
    journal = {Robotics and Automation (ICRA)},
    year    = {2013}
}

@article{prosthetics_history,
    author  = {Vanderwerker E.E. et al.},
    title   = {A Brief Review of the History of Amputations and Prostheses}
}

@techreport{ISO_orthosis,
  type = {Standard},
  key = {ISO 8549-1:1989},
  month = {8},
  year = {2011},
  title = {Prosthetics and orthotics -- Vocabulary -- Part 1: General terms for external limb prostheses and external orthoses},
  address = {Geneva, CH},
  institution = {International Organization for Standardization}
}

@article{mit_leg_lab1,
    author  = {Raibert M. et al.},
    title   = {Dynamic Legged Locomotion in Robots and Animals},
    journal = {Progress Report to Office of Naval Research},
    year    = {1995}
}

@article{first_mobile_robot,
  title={An electro-mechanical animal},
  author={Walter W.},
  journal={dialectica},
  volume={4},
  number={3},
  pages={206--213},
  year={1950},
  publisher={Wiley Online Library}
}

@article{second_mobile_robot,
    title   = {The Hopkins Beast},
    journal  = {Johns Hopkings University Applied Physics Lab},
    year    = {1960}
}

@article{dawkins,
    author  = {Dawkins R.},
    title   = {Why don’t animals have wheels?},
    journal = {The Sunday Times},
    year    = {1996}
}

@article{starleth,
 author={Hutter M. et al.},
 title={STARLETH: A Compliant Quadrupedal Robot For Fast, Efficient, and Versatile Locomotion}, 
 journal ={International Conference on Climbing and Walking Robots (CLAWAR)},
 year={2012}
} 

@article{legged_mot_history1,
    author  = {Silvan M.F. et al.},
    title   = {A historical perspective of legged robots},
    journal = {Journal of Vibration and Control},
    year    = {2007}
}

@article{pfeifer,
    author  = {Pfeifer R. et al.},
    title   = {Embodied Artificial Intelligence: Trends and Challenges},
    journal = {International Conference and Research Center for Computer Science}
}

@book{biped_robots_history,
  title={Hydraulically Actuated Hexapod Robots},
  author={Noami K. et al.},
  year={2014},
  publisher={Springer}
}

@online{rubi_repo,
  title = {RuBi-Robot},
  url = {https://github.com/RuBi-Robot}
}

@article{herbert2005preliminary,
  title={A preliminary investigation into the development of 3-D printing of prosthetic sockets},
  author={Herbert N. et al.},
  journal={Journal of rehabilitation research and development},
  volume={42},
  number={2},
  pages={141},
  year={2005},
  publisher={Superintendent of Documents}
}

@article{zoss2006biomechanical,
  title={Biomechanical design of the Berkeley lower extremity exoskeleton (BLEEX)},
  author={Zoss A. et al.},
  journal={Mechatronics, IEEE/ASME Transactions on},
  volume={11},
  number={2},
  pages={128--138},
  year={2006},
  publisher={IEEE}
}

@article{veneman2007design,
  title={Design and evaluation of the LOPES exoskeleton robot for interactive gait rehabilitation},
  author={Veneman J.F. et al},
  journal={Neural Systems and Rehabilitation Engineering, IEEE Transactions on},
  volume={15},
  number={3},
  pages={379--386},
  year={2007},
  publisher={IEEE}
}

@inproceedings{pratt2004roboknee,
  title={The RoboKnee: an exoskeleton for enhancing strength and endurance during walking},
  author={Pratt J.E. et al.},
  booktitle={Robotics and Automation, 2004. Proceedings. ICRA'04. 2004 IEEE International Conference on},
  volume={3},
  pages={2430--2435},
  year={2004},
  organization={IEEE}
}
